@misc{pangloss,
      title={Pangloss: a novel Markov chain prefetcher},
      author={Philippos Papaphilippou and Paul H. J. Kelly and Wayne Luk},
      year={2019},
      eprint={1906.00877},
      archivePrefix={arXiv},
      primaryClass={cs.AR}
}

@online{dpc3,
    title = "Third Data Prefetching Championship (DPC3)",
    url  = "https://dpc3.compas.cs.stonybrook.edu/",
    addendum = "(accessed: 22.01.2021)",
}

@inproceedings{markov-prefetcher,
author = {Joseph, Doug and Grunwald, Dirk},
title = {Prefetching Using Markov Predictors},
year = {1997},
isbn = {0897919017},
publisher = {Association for Computing Machinery},
address = {New York, NY, USA},
url = {https://doi.org/10.1145/264107.264207},
doi = {10.1145/264107.264207},
booktitle = {Proceedings of the 24th Annual International Symposium on Computer Architecture},
pages = {252–263},
numpages = {12},
location = {Denver, Colorado, USA},
series = {ISCA '97}
}

@inproceedings{ghb,
author = {Nesbit, Kyle J. and Smith, James E.},
title = {Data Cache Prefetching Using a Global History Buffer},
year = {2004},
isbn = {0769520537},
publisher = {IEEE Computer Society},
address = {USA},
url = {https://doi.org/10.1109/HPCA.2004.10030},
doi = {10.1109/HPCA.2004.10030},
booktitle = {Proceedings of the 10th International Symposium on High Performance Computer Architecture},
pages = {96},
series = {HPCA '04}
}

@inproceedings{fdb,
author = {Srinath, Santhosh and Mutlu, Onur and Kim, Hyesoon and Patt, Yale N.},
title = {Feedback Directed Prefetching: Improving the Performance and Bandwidth-Efficiency of Hardware Prefetchers},
year = {2007},
isbn = {1424408040},
publisher = {IEEE Computer Society},
address = {USA},
url = {https://doi.org/10.1109/HPCA.2007.346185},
doi = {10.1109/HPCA.2007.346185},
booktitle = {Proceedings of the 2007 IEEE 13th International Symposium on High Performance Computer Architecture},
pages = {63–74},
numpages = {12},
series = {HPCA '07}
}
